<record><leader>00000cas a22000007a 4500</leader><controlfield tag="001">18124101</controlfield><controlfield tag="008">880623d19051971ohuwr ne      0    0eng d</controlfield><datafield ind1=" " ind2=" " tag="010"><subfield code="a">sn 88077581 </subfield></datafield><datafield ind1=" " ind2=" " tag="040"><subfield code="a">ONP</subfield><subfield code="b">eng</subfield><subfield code="c">ONP</subfield><subfield code="d">OCLCQ</subfield></datafield><datafield ind1=" " ind2=" " tag="042"><subfield code="a">msc</subfield></datafield><datafield ind1="0" ind2=" " tag="130"><subfield code="a">Tri-county star (Ashley, Ohio)</subfield></datafield><datafield ind1="1" ind2="0" tag="245"><subfield code="a">Tri-county star.</subfield></datafield><datafield ind1=" " ind2=" " tag="260"><subfield code="a">Ashley, Ohio :</subfield><subfield code="b">W.C. Showmaker,</subfield><subfield code="c">-1971.</subfield></datafield><datafield ind1=" " ind2=" " tag="310"><subfield code="a">Weekly</subfield></datafield><datafield ind1="1" ind2=" " tag="362"><subfield code="a">Began in May 1905.</subfield></datafield><datafield ind1="0" ind2=" " tag="362"><subfield code="a">-v. 98, no. 17 (July 15, 1971).</subfield></datafield><datafield ind1=" " ind2=" " tag="588"><subfield code="a">Description based on: Vol. 6, no. 20 (July 11, 1906).</subfield></datafield><datafield ind1=" " ind2="4" tag="651"><subfield code="a">Ashley (Ohio)</subfield><subfield code="v">Newspapers.</subfield></datafield><datafield ind1=" " ind2="4" tag="651"><subfield code="a">Delaware County (Ohio)</subfield><subfield code="v">Newspapers.</subfield></datafield><datafield ind1=" " ind2=" " tag="752"><subfield code="a">United States</subfield><subfield code="b">Ohio</subfield><subfield code="c">Delaware</subfield><subfield code="d">Ashley.</subfield></datafield><datafield ind1="0" ind2="0" tag="780"><subfield code="t">Ashley star</subfield></datafield><datafield ind1="0" ind2="7" tag="785"><subfield code="t">Morrow County Independent register</subfield><subfield code="w">(DLC)sn 88077580</subfield></datafield><datafield ind1="0" ind2="7" tag="785"><subfield code="t">Morrow County Independent register and tri-county star</subfield><subfield code="w">(DLC)sn 88077582</subfield></datafield></record>